@article{art1 ,
author = {Aranha, Christian  and Passos, Emmanuel },
title = {A Tecnologia de Mineração de Textos},
journal = {JRESI-Revista Elerônica de Sistemas de Informação - Lab.ICA Elétrica PUC-Rio},
year = {2006},
number = {2}
}