@article{art1 ,
author = {Quang-Vinh Dang and Claudia-Lavinia Ignat},
title = {Measuring Quality of Collaboratively Edited Documents: The Case of Wikipedia},
journal = {IEEE 2nd International Conference on Collaboration and Internet Computing (CIC)},
year = {2016}
}

@article{art2 ,
author = {Jun Liu and Sudha Ram},
title = {Using big data and network analysis to understand Wikipedia article quality},
journal = {Elsevier},
month = {May},
year = {2018}
}

@online{Wiki,
  author = {Wikipedia Foundation},
  title = {Wikipédia},
  year = 2006,
  url = {https://pt.wikipedia.org/wiki/Wikip%C3%A9dia},
  urldate = {2020-03-01}
}

@online{Wikitech,
  author = {Wikitech},
  title = {Event Platform/EventStreams},
  year = 2016,
  url = {https://wikitech.wikimedia.org/wiki/Event_Platform/EventStreams},
  urldate = {2020-03-01}
}

@inproceedings{art3,
author = {Steiner, Thomas},
title = {Bots vs. Wikipedians, Anons vs. Logged-Ins (Redux): A Global Study of Edit Activity on Wikipedia and Wikidata},
year = {2014},
isbn = {9781450330169},
publisher = {Association for Computing Machinery},
address = {New York, NY, USA},
url = {https://doi.org/10.1145/2641580.2641613},
doi = {10.1145/2641580.2641613},
booktitle = {Proceedings of The International Symposium on Open Collaboration},
pages = {1–7},
numpages = {7},
keywords = {Wikidata, realtime monitoring, Wikipedia, study, Web app},
location = {Berlin, Germany},
series = {OpenSym ’14}
}
  
@inproceedings{art4,
  title={Automatic vandalism detection in Wikipedia},
  author={Potthast, Martin and Stein, Benno and Gerling, Robert},
  booktitle={European conference on information retrieval},
  pages={663--668},
  year={2008},
  organization={Springer}
}

@inproceedings{art5,
  title={Elusive vandalism detection in wikipedia: a text stability-based approach},
  author={Wu, Qinyi and Irani, Danesh and Pu, Calton and Ramaswamy, Lakshmish},
  booktitle={Proceedings of the 19th ACM international conference on Information and knowledge management},
  pages={1797--1800},
  year={2010}
}

@inproceedings{art6,
author = {Banerjee, Somnath and Ramanathan, Krishnan and Gupta, Ajay},
title = {Clustering Short Texts Using Wikipedia},
year = {2007},
isbn = {9781595935977},
publisher = {Association for Computing Machinery},
address = {New York, NY, USA},
url = {https://doi.org/10.1145/1277741.1277909},
doi = {10.1145/1277741.1277909},
booktitle = {Proceedings of the 30th Annual International ACM SIGIR Conference on Research and Development in Information Retrieval},
pages = {787–788},
numpages = {2},
keywords = {clustering, feed reader, Wikipedia},
location = {Amsterdam, The Netherlands},
series = {SIGIR ’07}
}
  
@online{schema,
  author = {Wikimedia},
  title = {mediawiki-event-schemas},
  year = 2019,
  url = {https://github.com/wikimedia/mediawiki-event-schemas/blob/master/jsonschema/mediawiki/recentchange/1.0.0.json},
  urldate = {2020-03-01}
}

@book{book1,
  title={Introdu{\c{c}}{\~a}o a minera{\c{c}}{\~a}o de dados},
  author={FERRARI, DANIEL GOMES and SILVA, LEANDRO NUNES DE CASTRO},
  year={2017},
  publisher={Editora Saraiva}
}